<record><leader>00000cas a2200000 a 4500</leader><controlfield tag="001">20067374</controlfield><controlfield tag="008">890725c19859999iluwr ne      0   a0eng c</controlfield><datafield ind1=" " ind2=" " tag="010"><subfield code="a">sn 89006755 </subfield></datafield><datafield ind1=" " ind2=" " tag="040"><subfield code="a">NSD</subfield><subfield code="b">eng</subfield><subfield code="c">NSD</subfield><subfield code="d">NVF</subfield><subfield code="d">OCLCQ</subfield><subfield code="d">NVF</subfield><subfield code="d">OCLCQ</subfield><subfield code="d">OCLCF</subfield><subfield code="d">OCLCO</subfield><subfield code="d">NVF</subfield><subfield code="d">OCLCO</subfield><subfield code="d">OCL</subfield></datafield><datafield ind1=" " ind2=" " tag="012"><subfield code="m">0</subfield></datafield><datafield ind1="1" ind2=" " tag="022"><subfield code="a">1045-3059</subfield><subfield code="l">1045-3059</subfield><subfield code="2">1</subfield></datafield><datafield ind1="1" ind2=" " tag="029"><subfield code="a">AU@</subfield><subfield code="b">000020550090</subfield></datafield><datafield ind1=" " ind2=" " tag="037"><subfield code="b">The Ogle County Life/Rock Valley Shopper, 211 Hwy., 38 E., Rochelle, IL 61068</subfield></datafield><datafield ind1=" " ind2=" " tag="042"><subfield code="a">nsdp</subfield><subfield code="a">pcc</subfield></datafield><datafield ind1=" " ind2=" " tag="043"><subfield code="a">n-us-il</subfield></datafield><datafield ind1=" " ind2="4" tag="222"><subfield code="a">The Ogle County life, Rock Valley shopper</subfield></datafield><datafield ind1="0" ind2="4" tag="245"><subfield code="a">The Ogle County life Rock Valley shopper.</subfield></datafield><datafield ind1="1" ind2="3" tag="246"><subfield code="a">Ogle County Life/Rock Valley Shopper</subfield></datafield><datafield ind1="1" ind2="3" tag="246"><subfield code="a">Rock Valley shopper</subfield></datafield><datafield ind1="3" ind2=" " tag="246"><subfield code="a">Ogle County Life Rock Valley Shopper</subfield></datafield><datafield ind1=" " ind2=" " tag="260"><subfield code="a">Oregon, Ill. :</subfield><subfield code="b">News Media Corp.,</subfield><subfield code="c">1985-</subfield></datafield><datafield ind1=" " ind2=" " tag="300"><subfield code="a">v.</subfield></datafield><datafield ind1=" " ind2=" " tag="310"><subfield code="a">Weekly</subfield></datafield><datafield ind1="0" ind2=" " tag="362"><subfield code="a">Nov. 18, 1985-</subfield></datafield><datafield ind1=" " ind2=" " tag="580"><subfield code="a">Formed by the union of: Ogle County life and: Rock Valley shopper.</subfield></datafield><datafield ind1=" " ind2="0" tag="651"><subfield code="a">Oregon (Ill.)</subfield><subfield code="v">Newspapers.</subfield></datafield><datafield ind1=" " ind2="0" tag="651"><subfield code="a">Rochelle (Ill.)</subfield><subfield code="v">Newspapers.</subfield></datafield><datafield ind1=" " ind2="0" tag="651"><subfield code="a">Ogle County (Ill.)</subfield><subfield code="v">Newspapers.</subfield></datafield><datafield ind1=" " ind2="0" tag="651"><subfield code="a">Winnebago County (Ill.)</subfield><subfield code="v">Newspapers.</subfield></datafield><datafield ind1=" " ind2="0" tag="651"><subfield code="a">Stephenson County (Ill.)</subfield><subfield code="v">Newspapers.</subfield></datafield><datafield ind1=" " ind2="0" tag="651"><subfield code="a">McHenry County (Ill.)</subfield><subfield code="v">Newspapers.</subfield></datafield><datafield ind1=" " ind2="0" tag="651"><subfield code="a">De Kalb County (Ill.)</subfield><subfield code="v">Newspapers.</subfield></datafield><datafield ind1=" " ind2="7" tag="655"><subfield code="a">Newspapers.</subfield><subfield code="2">fast</subfield><subfield code="0">(OCoLC)fst01423814</subfield></datafield><datafield ind1=" " ind2="7" tag="651"><subfield code="a">Illinois</subfield><subfield code="z">De Kalb County.</subfield><subfield code="2">fast</subfield><subfield code="0">(OCoLC)fst01208068</subfield></datafield><datafield ind1=" " ind2="7" tag="651"><subfield code="a">Illinois</subfield><subfield code="z">McHenry County.</subfield><subfield code="2">fast</subfield><subfield code="0">(OCoLC)fst01214997</subfield></datafield><datafield ind1=" " ind2="7" tag="651"><subfield code="a">Illinois</subfield><subfield code="z">Ogle County.</subfield><subfield code="2">fast</subfield><subfield code="0">(OCoLC)fst01210697</subfield></datafield><datafield ind1=" " ind2="7" tag="651"><subfield code="a">Illinois</subfield><subfield code="z">Oregon.</subfield><subfield code="2">fast</subfield><subfield code="0">(OCoLC)fst01221111</subfield></datafield><datafield ind1=" " ind2="7" tag="651"><subfield code="a">Illinois</subfield><subfield code="z">Rochelle.</subfield><subfield code="2">fast</subfield><subfield code="0">(OCoLC)fst01219148</subfield></datafield><datafield ind1=" " ind2="7" tag="651"><subfield code="a">Illinois</subfield><subfield code="z">Stephenson County.</subfield><subfield code="2">fast</subfield><subfield code="0">(OCoLC)fst01213231</subfield></datafield><datafield ind1=" " ind2="7" tag="651"><subfield code="a">Illinois</subfield><subfield code="z">Winnebago County.</subfield><subfield code="2">fast</subfield><subfield code="0">(OCoLC)fst01206104</subfield></datafield><datafield ind1=" " ind2=" " tag="752"><subfield code="a">United States</subfield><subfield code="b">Illinois</subfield><subfield code="c">Ogle</subfield><subfield code="d">Oregon.</subfield></datafield><datafield ind1="1" ind2="4" tag="780"><subfield code="t">Ogle County life</subfield><subfield code="x">8750-2496</subfield><subfield code="w">(DLC)sn 84007012</subfield><subfield code="w">(OCoLC)11171814</subfield></datafield><datafield ind1="1" ind2="4" tag="780"><subfield code="t">Rock Valley shopper</subfield></datafield></record>